@misc{khieudetecting,
  title={Detecting and classifying toxic comments},
  author={Khieu, Kevin and Narwal, Neha},
  publisher={Stanford University-CSS224N},
  year={2017}
}

@article{van2018challenges,
  title={Challenges for toxic comment classification: An in-depth error analysis},
  author={van Aken, Betty and Risch, Julian and Krestel, Ralf and L{\"o}ser, Alexander},
  journal={arXiv preprint arXiv:1809.07572},
  year={2018}
}

@article{d2019towards,
  title={Towards non-toxic landscapes: Automatic toxic comment detection using DNN},
  author={D'Sa, Ashwin Geet and Illina, Irina and Fohr, Dominique},
  journal={arXiv preprint arXiv:1911.08395},
  year={2019}
}

@inproceedings{pavlopoulos2019convai,
  title={ConvAI at SemEval-2019 Task 6: Offensive Language Identification and Categorization with Perspective and BERT},
  author={Pavlopoulos, John and Thain, Nithum and Dixon, Lucas and Androutsopoulos, Ion},
  booktitle={Proceedings of the 13th International Workshop on Semantic Evaluation},
  pages={571--576},
  year={2019}
}